@online {YT-MCTS,
    title = {Monte Carlo Tree Search},
    year = {2017},
    month = {March},
    day = {6},
    organization = {YouTube},
    author = {John Levine},
    url = {https://www.youtube.com/watch?v=UXW2yZndl7U}
}

@online {SIMPLE,
  author  = {David Foster @davidADSP},
  title   = {SIMPLE: Selfplay In MultiPlayer Environments},
  year    = {2021},
  month   = {March},
  url = {https://github.com/davidADSP/SIMPLE}
}

@misc{brockman2016openai,
  abstract = {OpenAI Gym is a toolkit for reinforcement learning research. It includes a
growing collection of benchmark problems that expose a common interface, and a
website where people can share their results and compare the performance of
algorithms. This whitepaper discusses the components of OpenAI Gym and the
design decisions that went into the software.},
  added-at = {2018-04-12T12:08:39.000+0200},
  author = {Brockman, Greg and Cheung, Vicki and Pettersson, Ludwig and Schneider, Jonas and Schulman, John and Tang, Jie and Zaremba, Wojciech},
  biburl = {https://www.bibsonomy.org/bibtex/2cdc8f927d6c8657ea82951a09e34161a/achakraborty},
  description = {[1606.01540] OpenAI Gym},
  interhash = {cfd0ba0b44eda9a3ca67480dfbf823a0},
  intrahash = {cdc8f927d6c8657ea82951a09e34161a},
  keywords = {2016 arxiv paper reinforcement-learning},
  note = {arxiv:1606.01540},
  timestamp = {2018-04-12T12:08:39.000+0200},
  title = {OpenAI Gym},
  url = {http://arxiv.org/abs/1606.01540},
  year = 2016
}

 @misc{patel_2020, 
  title={Hexagonal Grids}, 
  url={https://www.redblobgames.com/grids/hexagons}, 
  journal={Red Blob Games}, 
  author={Patel, Amit}, 
  year={2020}, 
  month={May}
 } 